<record><leader>00000cas a22000007a 4500</leader><controlfield tag="001">35121164</controlfield><controlfield tag="008">960722d1uuu1925cauwr ne      0    0eng d</controlfield><datafield ind1=" " ind2=" " tag="010"><subfield code="a">sn 96062907 </subfield></datafield><datafield ind1=" " ind2=" " tag="040"><subfield code="a">CNK</subfield><subfield code="b">eng</subfield><subfield code="c">CNK</subfield><subfield code="d">OCLCQ</subfield><subfield code="d">OCLCF</subfield><subfield code="d">OCLCO</subfield></datafield><datafield ind1="1" ind2=" " tag="029"><subfield code="a">AU@</subfield><subfield code="b">000024821031</subfield></datafield><datafield ind1=" " ind2=" " tag="042"><subfield code="a">msc</subfield></datafield><datafield ind1=" " ind2=" " tag="043"><subfield code="a">n-us-ca</subfield></datafield><datafield ind1="0" ind2="0" tag="245"><subfield code="a">Sonoma expositor-forum.</subfield></datafield><datafield ind1=" " ind2=" " tag="260"><subfield code="a">Sonoma, Sonoma County, Calif. :</subfield><subfield code="b">Oroville L. Hose and Henry Watters</subfield></datafield><datafield ind1=" " ind2=" " tag="300"><subfield code="a">v.</subfield></datafield><datafield ind1=" " ind2=" " tag="310"><subfield code="a">Weekly</subfield></datafield><datafield ind1="0" ind2=" " tag="362"><subfield code="a">-v. 25, no. 51 (Dec. 24, 1925).</subfield></datafield><datafield ind1=" " ind2=" " tag="588"><subfield code="a">Description based on: Vol. 19, no. 51 (Sept. 25, 1919).</subfield></datafield><datafield ind1=" " ind2="0" tag="651"><subfield code="a">Sonoma (Calif.)</subfield><subfield code="v">Newspapers.</subfield></datafield><datafield ind1=" " ind2="7" tag="655"><subfield code="a">Newspapers.</subfield><subfield code="2">fast</subfield><subfield code="0">(OCoLC)fst01423814</subfield></datafield><datafield ind1=" " ind2="7" tag="651"><subfield code="a">California</subfield><subfield code="z">Sonoma.</subfield><subfield code="2">fast</subfield><subfield code="0">(OCoLC)fst01221038</subfield></datafield><datafield ind1=" " ind2=" " tag="752"><subfield code="a">United States</subfield><subfield code="b">California</subfield><subfield code="c">Sonoma</subfield><subfield code="d">Sonoma.</subfield></datafield><datafield ind1="0" ind2="0" tag="785"><subfield code="t">Sonoma Valley moon</subfield><subfield code="w">(DLC)sn 96062908</subfield></datafield></record>